@String(NIPS2005rank = "Proceedings of the NIPS 2005 Workshop on Learning to Rank")
@String(NIPS2012 = "Advances in Neural Information Processing Systems 25")

@inproceedings{chu2005extensions,
  author = "Chu, Wei and Ghahramani, Zoubin",
  title = "Extensions of {Gaussian} Processes for Ranking: {Semi}-supervised and Active Learning",
  booktitle = NIPS2005rank,
  year = 2005,
  month = dec,
  address = "Whistler, BC, Canada",
}

@inproceedings{houlsby2012collaborative,
  title = "Collaborative {Gaussian} Processes for Preference Learning",
  author = "Houlsby, Neil and Hernández-Lobato, Jose Miguel and Huszár, Ferenc and Ghahramani, Zoubin",
  booktitle = NIPS2012,
  year = 2012,
  month = dec,
  address = "Lake Tahoe, CA",
}

@misc{ipcc2018special,
  title = "Global warming of {1.5ºC}. {An IPCC Special Report} on the impacts of global warming of {1.5ºC} above pre-industrial levels and related global greenhouse gas emission pathways, in the context of strengthening the global response to the threat of climate change, sustainable development, and efforts to eradicate poverty",
  author={IPCC},
  year=2018
}

@article{mackay1992information,
  title="Information-based objective functions for active data selection",
  author="MacKay, David JC",
  journal="Neural computation",
  year=1992,
  volume=4,
  number=4,
  pages="590--604"
}

@article{salganik2015wiki,
  author = "Salganik, Matthew J. and Levy, Karen E. C.",
  title = "Wiki Surveys: {Open} and Quantifiable Social Data Collection",
  journal = "{PLoS ONE}",
  year = 2015,
  volume = 10,
  number = 5,
  pages = "1--17",
  _doi = "10.1371/journal.pone.0123483",
}

@article{thurstone1927method,
  author = "Thurstone, Louis L.",
  title = "The method of paired comparisons for social values",
  journal = "The Journal of Abnormal and Social Psychology",
  year = 1927,
  volume = 21,
  number = 4,
  pages = "384--400",
  _doi = "10.1037/h0065439",
}

@article{wynes2017climate,
  title="The climate mitigation gap: education and government recommendations miss the most effective individual actions",
  author="Wynes, Seth and Nicholas, Kimberly A",
  journal="Environmental Research Letters",
  volume=12,
  number=7,
  year=2017,
}



% ENTRIES FROM STUDENTS' REPORT.
% TODO: MUST BE CLEANED IF INTEGRATED.

@book{bofinger2013calculating,
  title="Calculating the carbon footprint from different classes of air travel",
  author="Bofinger, Heinrich and Strand, Jon",
  year=2013,
  publisher="The World Bank"
}

@misc{sncf2019calcul,
  title="Calcul des émissions de {CO2} sur votre trajet en train",
  author={SNCF},
  year=2019,
  howpublished="\url{https://www.oui.sncf/aide/calcul-des-emissions-de-co2-sur-votre-trajet-en-train}",
  note = "Accessed: 2019-09-06",
}

@misc{household_energy_heating_proportion,
    title = "Comment se chauffe-t-on aujourd'hui en Suisse?",
    author = "EnergyScope.ch",
    year = "2014",
    howpublished = "\url{http://www.energyscope.ch/100-questions/efficacite-energetique/comment-se-chauffe-t-on-aujourd-hui-en-suisse}",
}

@misc{electricitymap,
    title = "Climate Impact by Area",
    author = "electricitymap.org",
    year = "2018",
    howpublished = "\url{https://www.electricitymap.org/}",
}

@misc{swissc02,
    title = "La Suisse émet-elle comparativement peu de CO2 grâce à son électricité très 'propre'?",
    author = "EnergyScope.ch",
    year = "2014",
    howpublished = "\url{www.energyscope.ch/100-questions/p-pourquoi-notre-production-et-notre-consommation-d-electricite-varient-elles-durant-l-annee-et-pourquoi-sont-elles-en-decalage-p/p-la-suisse-emet-elle-comparativement-peu-de-co-sub-2-sub-grace-a-son-electricite-tres-propre-p}",
}

@misc{viandesuisse,
    title = "Consommation de viande 2016: la viande suisse est tendance",
    author = "Mike Schneider",
    year = "2017",
    howpublished = "\url{https://www.viandesuisse.ch/medias/page/2017/consommation-de-viande-2016-la-viande-suisse-est-tendance.html}",
}

@misc{ofdl,
    title = "Quelques conseils pour réduire efficacement nos émissions de CO2",
    author = "Office f\'ed\'eral de l'environnement, Feriel Mestiri",
    year = "2018",
    howpublished = "\url{https://www.rts.ch/info/economie/9905506-quelques-conseils-pour-reduire-efficacement-nos-emissions-de-co2.html}",
}

@misc{mobitool,
    title = "SuisseEnergy",
    year = "2017",
    howpublished = "\url{https://www.mobitool.ch}",
}
@misc{myclimate,
    title = "Office f\'ed\'eral de l'environnement, myclimate.org",
    year = "2017",
    howpublished = "\url{https://www.myclimate.org}",
}
@misc{foodmile,
    title = "The tricky truth about food miles ",
    year = "2013",
    author="Lindsay Wilson",
    howpublished = "\url{http://shrinkthatfootprint.com/food-miles}",
}

@misc{swissveg,
    title = "Trajets de transport alimentaire : Vraiment plus écolos les produits locaux ?",
    year = "2013",
    howpublished = "\url{https://www.swissveg.ch/transport}",
}

@misc{energyenvironnement,
    title = "La facture de chauffage est-elle trop élevée ?",
    howpublished = "\url{https://www.energie-environnement.ch/economiser-le-chauffage/situer-sa-consommation-de-chauffage}",
}

@misc{swissenergyscope,
    title = "Combien de CO2 les énergies renouvelables émettent-elles?",
    howpublished = "\url{www.energyscope.ch/100-questions/quel-est-le-potentiel-de-l-energie-solaire-en-suisse/combien-de-co2-les-energies-renouvelables-emettent-elles}",
}
