@String(CIKM2016 = "Proceedings of CIKM'16")
@String(CVPR2017 = "Proceedings of CVPR 2017")
@String(EACL2012 = "Proceedings of EACL 2012")
@String(ECIR2008 = "Proceedings of ECIR 2008")
@String(ICSE2008 = "Proceedings of ICSE'08")
@String(ICUIMC2008 = "Proceedings of ICUIMC'08")
@String(IUI2007 = "Proceedings of IUI'07")
@String(KDD2015 = "Proceedings of KDD'15")
@String(KDD2018 = "Proceedings of KDD'18")
@String(MSR2013 = "Proceedings of MSR 2013")
@String(NIPS2009 = "Advances in Neural Information Processing Systems 22")
@String(NIPS2010 = "Advances in Neural Information Processing Systems 23")
@String(NIPS2012 = "Advances in Neural Information Processing Systems 25")
@String(NIPS2015 = "Advances in Neural Information Processing Systems 28")
@String(OPENSYM2016 = "Proceedings of OpenSym'16")
@String(OSDI2016 = "Proceedings of OSDI'16")
@String(RECSYS2012 = "Proceedings of RecSys'12")
@String(SIGIR2002 = "Proceedings of SIGIR'02")
@String(SOCIALCOM2011 = "Proceedings of SocialCom 2011")
@String(TGC2013 = "Proceedings of TGC 2013")
@String(WI2006 = "Proceedings of WI'06")
@String(WIKIAI2008 = "Proceedings of WikiAI 2008")
@String(WIKISYM2008 = "Proceedings of WikiSym'08")
@String(WIKISYM2011 = "Proceedings of WikiSym'11")
@String(WIKISYM2012 = "Proceedings of WikiSym'12")
@String(WSDM2016 = "Proceedings of WSDM'16")
@String(WWW2007 = "Proceedings of WWW'07")
@String(WWW2017 = "Proceedings of WWW'17")

@inproceedings{adler2007content,
  author = "Adler, B. Thomas and de Alfaro, Luca",
  title = "A Content-Driven Reputation System for the {Wikipedia}",
  booktitle = WWW2007,
  year = 2007,
  month = may,
  address = "Banff, AB, Canada",
}

@article{bradley1952rank,
  author = "Bradley, Ralph Allan and Terry, Milton E.",
  title = "Rank Analysis of Incomplete Block Designs:
      {I.} {The} Method of Paired Comparisons",
  journal = "Biometrika",
  year = 1952,
  volume = 39,
  number = "3/4",
  pages = {324--345},
  _doi = "10.2307/2334029",
}

@article{bron1973algorithm,
  author = "Bron, Coen and Kerbosch, Joep",
  title = "Algorithm 457: Finding All Cliques of an Undirected Graph",
  journal = "Communications of the ACM",
  volume = 16,
  number = 9,
  pages = {575--577},
  year = 1973,
}

@article{byrd1995limited,
  title="A limited memory algorithm for bound constrained optimization",
  author="Byrd, Richard H and Lu, Peihuang and Nocedal, Jorge and Zhu, Ciyou",
  journal="{SIAM} Journal on Scientific Computing",
  volume=16,
  number=5,
  pages={1190--1208},
  year=1995,
}

@article{cencig2017voting,
  title="Voting behaviour in the {E}uropean {P}arliament and economic governance reform: does nationality matter?",
  author="Cencig, Elisa and Sabani, Laura",
  journal={Open Economies Review},
  volume=28,
  number=5,
  pages={967--987},
  year=2017,
}

@article{cicchi2013logic,
  title="The logic of voting behaviour in the {E}uropean {P}arliament: new insights on party group membership and national affiliation as determinants of vote",
  author="Cicchi, Lorenzo",
  year=2013,
  publisher={IMT Institute for Advanced Studies Lucca}
}

@article{coman2009reassessing,
  title="Reassessing the influence of party groups on individual members of the {European Parliament}",
  author="Coman, Emanuel Emil",
  journal="West European Politics",
  volume=32,
  number=6,
  pages={1099--1117},
  year=2009,
  publisher={Taylor \& Francis}
}

@article{costello2010policy,
  title="The policy impact of leadership in committees: Rapporteurs’ influence on the {European Parliament}’s opinions",
  author="Costello, Rory and Thomson, Robert",
  journal="European Union Politics",
  volume=11,
  number=2,
  pages={219--240},
  year=2010,
}

@article{cross2017legislative,
  title="Legislative amendments and informal politics in the European Union: A text reuse approach",
  author="Cross, James P and Hermansson, Henrik",
  journal={European Union Politics},
  volume=18,
  number=4,
  pages="581--602",
  year=2017,
}

@inproceedings{druck2008learning,
  author = "Druck, Gregory and Miklau, Gerome and McCallum, Andrew",
  title = "Learning to Predict the Quality of Contributions to {Wikipedia}",
  booktitle = WIKIAI2008,
  year = 2008,
  month = jul,
  address = "Chicago, IL, USA",
}

@article{duchi2011adaptive,
  title="Adaptive subgradient methods for online learning and stochastic optimization",
  author="Duchi, John and Hazan, Elad and Singer, Yoram",
  journal="Journal of Machine Learning Research",
  volume=12,
  number="Jul",
  pages={2121--2159},
  year=2011
}

@book{elo1978rating,
  author = "Elo, Arpad",
  title = "The Rating Of Chess Players, Past \& Present",
  publisher = "Arco Publishing",
  year = 1978,
  _isbn = "9780923891275",
  comment = "ISBN actually refers to the 2008 printing by Ishi Press",
}

@book{eu2007lisbon,
  author = "Conference of the Representatives of the Governments of the Member States",
  title = "Treaty of {Lisbon} Amending the {Treaty on European Union} and the {Treaty Establishing the European Community}",
  publisher = "European Union",
  year = 2007,
}

@misc{europarl2018ordinary,
  author = "European Parliament",
  title = "The Ordinary Legislative Procedure",
  year = 2018,
  url = "http://www.europarl.europa.eu/ordinary-legislative-procedure/en/ordinary-legislative-procedure.html",
  note = "Accessed: 2020-02-02",
}

@misc{europarl2018rules,
  author = "European Parliament",
  title = "Rules of Procedure of the European Parliament - Rule 174",
  year = 2018,
  url = "http://www.europarl.europa.eu/sides/getDoc.do?pubRef=-//EP//TEXT+RULES-EP+20180731+RULE-174+DOC+XML+V0//EN&language=EN&navigationBar=YES",
  note = "Accessed: 2020-02-02",
}

@misc{europarl2019questions,
  author = "European Parliament",
  title = "Questions and Answers on issues about the digital copyright directive",
  year = 2019,
  url = "https://www.europarl.europa.eu/news/en/press-room/20190111IPR23225/",
  note = "Accessed: 2020-02-02",
}


@article{finke2012proposal,
  title="Proposal stage coalition-building in the {E}uropean {P}arliament",
  author="Finke, Daniel",
  journal={European Union Politics},
  volume=13,
  number=4,
  pages={487--512},
  year=2012,
}

@misc{guardian2015typo,
  author = "John Vidal",
  title = "How a 'typo' nearly derailed the {Paris} climate deal",
  year = 2015,
  url = "https://www.theguardian.com/environment/blog/2015/dec/16/how-a-typo-nearly-derailed-the-paris-climate-deal",
  note = "Accessed: 2020-02-02",
}

@article{hix2008voting,
  title="Voting patterns and alliance formation in the {E}uropean {P}arliament",
  author="Hix, Simon and Noury, Abdul and Roland, G{\'e}rard",
  journal={Philosophical transactions of the royal society b: biological sciences},
  volume=364,
  number=1518,
  pages={821--831},
  year=2008,
}

@article{hix2013empowerment,
  title="Empowerment of the {E}uropean parliament",
  author="Hix, Simon and H{\o}yland, Bj{\o}rn",
  journal={Annual Review of Political Science},
  volume=16,
  pages={171--189},
  year=2013,
}

@article{hix2002parliamentary,
  title="Parliamentary behavior with two principals: preferences, parties, and voting in the {E}uropean {P}arliament",
  author="Hix, Simon",
  journal={American Journal of Political Science},
  pages={688--698},
  year=2002,
  publisher={JSTOR}
}

@article{hoff2016biased,
author = "Anneloes Hoff and Herman Lelieveldt and Ramon van der Does",
title = "A biased rapporteur or politics as usual? Reassessing the balance of interests in the {EU} food information labelling case",
journal = {Journal of European Public Policy},
volume = 23,
number = 2,
pages = {296--313},
year  = 2016,
}

@article{hunter2004mm,
  author = "Hunter, David R.",
  title = "{MM} algorithms for generalized {Bradley--Terry} models",
  journal = "The Annals of Statistics",
  year = 2004,
  volume = 32,
  number = 1,
  pages = "384--406",
  _doi = "10.1214/aos/1079120141",
}

@article{hurka2013changing,
  title="Changing the output: The logic of amendment success in the {E}uropean {P}arliament’s {ENVI} Committee",
  author="Hurka, Steffen",
  journal={European Union Politics},
  volume=14,
  number=2,
  pages={273--296},
  year=2013,
}

@article{kasack2004legislative,
  title="The legislative impact of the {E}uropean {P}arliament under the revised co-decision procedure: environmental, public health and consumer protection policies",
  author="Kasack, Christiane",
  journal={European Union Politics},
  volume=5,
  number=2,
  pages={241--260},
  year=2004,
}

@article{koren2009matrix,
  author = "Koren, Yehuda and Bell, Robert and Volinsky, Chris",
  title = "Matrix Factorization Techniques for Recommender Systems",
  journal = "Computer",
  year = 2009,
  volume = 42,
  number = 8,
  pages = "30--37",
}

@article{kreppel1999affects,
  title="What affects the {E}uropean {P}arliament’s legislative influence? An analysis of the success of {EP} amendments",
  author="Kreppel, Amie",
  journal="{JCMS}: Journal of Common Market Studies",
  volume=37,
  number=3,
  pages="521--537",
  year=1999,
}

@article{kreppel2002moving,
  title="Moving beyond procedure: an empirical analysis of {E}uropean {P}arliament legislative influence",
  author="Kreppel, Amie",
  journal="Comparative Political Studies",
  volume=35,
  number=7,
  pages="784--813",
  year=2002
}

@article{lefkofridi2014multilevel,
  title="Multilevel representation in the {European Parliament}",
  author="Lefkofridi, Zoe and Katsanidou, Alexia",
  journal="European Union Politics",
  volume=15,
  number=1,
  pages={108--131},
  year=2014
}

@article{maaten2008visualizing,
    title="Visualizing data using {t-SNE}",
    author="Maaten, Laurens van der and Hinton, Geoffrey",
    journal="Journal of machine learning research",
    volume=9,
    number={Nov},
    pages={2579--2605},
    year=2008
}

@article{mcelroy2010party,
  title="Party policy and group affiliation in the {E}uropean {P}arliament",
  author="McElroy, Gail and Benoit, Kenneth",
  journal={British Journal of Political Science},
  volume=40,
  number=2,
  pages={377--398},
  year=2010,
}

@article{mcfadden1973conditional,
  title="Conditional logit analysis of qualitative choice behavior",
  author="McFadden, Daniel and others",
  year=1973,
  publisher={Institute of Urban and Regional Development, University of California~…}
}

@article{miller2010much,
  author = {Miller, Vaughne},
  title = {How much legislation comes from Europe?},
  journal = {Economic Indicators},
  volume = 7,
  number = 10,
  year = 2010
}

@article{muhlbock2012national,
  title="National versus {European}: Party control over members of the {European Parliament}",
  author="M{\"u}hlb{\"o}ck, Monika",
  journal="West European Politics",
  volume=35,
  number=3,
  pages={607--631},
  year=2012,
  publisher={Taylor \& Francis}
}

@article{newman2006modularity,
  title="Modularity and community structure in networks",
  author="Newman, Mark EJ",
  journal="Proceedings of the national academy of sciences",
  volume=103,
  number=23,
  pages={8577--8582},
  year=2006,
}

@misc{open2009barack,
  author = {President Barack Obama's White House},
  title = {Open Government Initiative},
  year = 2018,
  url = "https://obamawhitehouse.archives.gov/open",
  note = "Accessed: 2020-02-02",
}

@article{peeters2016revision,
    title="The revision of the 2014 {European} tobacco products directive: an analysis of the tobacco industry's attempts to ‘break the health silo’",
    author="Peeters, Silvy and Costa, H{\'e}lia and Stuckler, David and McKee, Martin and Gilmore, Anna B",
    journal={Tobacco control},
    volume=25,
    number=1,
    pages={108--117},
}

@inproceedings{rad2012identifying,
  author = "Sepehri Rad, Hoda and Barbosa, Denilson",
  title = "Identifying controversial articles in {Wikipedia}:
      {A} comparative study",
  booktitle = WIKISYM2012,
  year = 2012,
  month = aug,
  address = "Linz, Austria",
}

@book{rasch1960probabilistic,
  author = "Rasch, Georg",
  title = "Probabilistic Models for Some Intelligence and Attainment Tests",
  publisher = "Danmarks Pædagogiske Institut",
  year = 1960,
}

@inproceedings{sepehri2012leveraging,
  title="Leveraging editor collaboration patterns in {Wikipedia}",
  author="Sepehri Rad, Hoda and Makazhanov, Aibek and Rafiei, Davood and Barbosa, Denilson",
  booktitle={Proceedings of the 23rd ACM conference on Hypertext and social media},
  pages={13--22},
  year={2012},
}

@inproceedings{sumi2011edit,
  author = "Sumi, Róbert and Yasseri, Taha and Rung, András and Kornai, András and Kertész, János",
  title = "Edit wars in {Wikipedia}",
  booktitle = SOCIALCOM2011,
  year = 2011,
  month = oct,
  address = "Boston, MA, USA",
}

@article{thurstone1927method,
  author = "Thurstone, Louis L.",
  title = "The method of paired comparisons for social values",
  journal = "The Journal of Abnormal and Social Psychology",
  year = 1927,
  volume = 21,
  number = 4,
  pages = "384--400",
  _doi = "10.1037/h0065439",
}

@article{tomita2006worst,
  title="The worst-case time complexity for generating all maximal cliques and computational experiments",
  author="Tomita, Etsuji and Tanaka, Akira and Takahashi, Haruhisa",
  journal={Theoretical Computer Science},
  volume=363,
  number=1,
  pages={28--42},
  year=2006,
}

@article{tsebelis2001legislative,
  title="Legislative procedures in the {E}uropean {U}nion: An empirical analysis",
  author="Tsebelis, George and Jensen, Christian B and Kalandrakis, Anastassios and Kreppel, Amie",
  journal="British Journal of Political Science",
  volume=31,
  number=4,
  pages={573--599},
  year=2001,
}

@inproceedings{yardim2018can,
  title={Can Who-Edits-What Predict Edit Survival?},
  author="Yard{\i}m, Ali Batuhan and Kristof, Victor and Maystre, Lucas and Grossglauser, Matthias",
  booktitle = KDD2018,
  year = 2018,
  month = aug,
  address = "London, United Kingdom",
}

@article{yasseri2012dynamics,
  title="Dynamics of conflicts in {Wikipedia}",
  author="Yasseri, Taha and Sumi, Robert and Rung, Andr{\'a}s and Kornai, Andr{\'a}s and Kert{\'e}sz, J{\'a}nos",
  journal={PloS one},
  volume=7,
  number=6,
  year=2012,
}

@article{zermelo1928berechnung,
  author = "Zermelo, Ernst",
  title = "{Die Berechnung der Turnier-Ergebnisse als ein
      Maximumproblem der Wahrscheinlichkeitsrechnung}",
  journal = "Mathematische Zeitschrift",
  year = 1928,
  volume = 29,
  number = 1,
  pages = "436--460",
  _doi = "10.1007/BF01180541",
  comment = "The paper already appeared in 1928, c.f.
      https://link.springer.com/chapter/10.1007/978-3-540-70856-8_13",
}
% #######

@inproceedings{abadi2016tensorflow,
  author = "Abadi, Martín and Barham, Paul and Chen, Jianmin and Chen, Zhifeng
      and Davis, Andy and Dean, Jeffrey and Devin, Matthieu and Ghemawat, Sanjay
      and Irving, Geoffrey and Isard, Michael and others",
  title = "{TensorFlow}: {A} System for Large-Scale Machine Learning",
  booktitle = OSDI2016,
  year = 2016,
  month = nov,
  address = "Savannah, GA, USA",
}

@inproceedings{adler2008measuring,
  author = "Adler, B. Thomas and de Alfaro, Luca and Pye, Ian
      and Raman, Vishwanath",
  title = "Measuring Author Contributions to the {Wikipedia}",
  booktitle = WIKISYM2008,
  year = 2008,
  month = sep,
  address = "Porto, Portugal",
}

@inproceedings{agrawal2016predicting,
  author = "Agrawal, Rakshit and de Alfaro, Luca",
  title = "Predicting the quality of user contributions via {LSTMs}",
  booktitle = OPENSYM2016,
  year = 2016,
  month = aug,
  address = "Berlin, Germany",
}

@book{bishop2006pattern,
  author = "Bishop, Christopher M.",
  title = "Pattern Recognition and Machine Learning",
  publisher = "Springer",
  year = 2006,
}

@inproceedings{branson2017lean,
  author = "Branson, Steve and Horn, Grant Van and Perona, Pietro",
  title = "Lean Crowdsourcing: {Combining} Humans and Machines in an Online System",
  booktitle = CVPR2017,
  year = 2017,
  month = jul,
  address = "Honolulu, HI, USA",
}

@inproceedings{bronner2012user,
  author = "Bronner, Amit and Monz, Christof",
  title = "User Edits Classification Using Document Revision Histories",
  booktitle = EACL2012,
  year = 2012,
  month = apr,
  address = "Avignon, France",
}

@inproceedings{chen2016modeling,
  author = "Chen, Shuo and Joachims, Thorsten",
  title = "Modeling Intransitivity in Matchup and Comparison Data",
  booktitle = WSDM2016,
  year = 2016,
  month = feb,
  address = "San Francisco, CA, USA",
}

@techreport{corbet2017linux,
  author = "Corbet, Jonathan and Kroah-Hartman, Greg",
  title = "2017 {Linux} Kernel Development Report",
  institution = "The Linux Foundation",
  year = 2017,
}

@inproceedings{cosley2007suggestbot,
  author = "Cosley, Dan and Frankowski, Dan and Terveen, Loren and Riedl, John",
  title = "{SuggestBot}: {Using} Intelligent Task Routing to Help People
      Find Work in {Wikipedia}",
  booktitle = IUI2007,
  year = 2007,
  month = jan,
  address = "Honolulu, HI, USA",
}

@article{dawid1979maximum,
  author = "Dawid, Alexander Philip and Skene, Allan M",
  title = "Maximum Likelihood Estimation of Observer Error-rates using the
      {EM} Algorithm",
  journal = "Applied Statistics",
  year = 1979,
  volume = 28,
  number = 1,
  pages = "20--28",
}

@article{dealfaro2011reputation,
  author = "de Alfaro, Luca and Kulshreshtha, Ashutosh and Pye, Ian
      and Adler, B. Thomas",
  title = "Reputation Systems for Open Collaboration",
  journal = "Communications of the ACM",
  year = 2011,
  volume = 54,
  number = 8,
  pages = "81--87",
}

@inproceedings{dealfaro2013content,
  author = "de Alfaro, Luca and Adler, B. Thomas",
  title = "Content-Driven Reputation for Collaborative Systems",
  booktitle = TGC2013,
  year = 2013,
  month = aug,
  address = "Buenos Aires, Argentina",
}


@inproceedings{ma2015faitcrowd,
  author = "Ma, Fenglong and Li, Yaliang and Li, Qi and Qui, Minghui
      and Gao, Jing and Zhi, Shi and Zhao, Bo and Ji, Heng and Han, Jiawei",
  title = "{FaitCrowd}: {Fine} Grained Truth Discovery for Crowdsourced Data Aggregation",
  booktitle = KDD2015,
  year = 2015,
  month = aug,
  address = "Sydney, Australia",
}

@misc{github2017octoverse,
  author = "GitHub",
  title = "The State of the {Octoverse} 2017",
  year = 2017,
  url = "https://octoverse.github.com/",
  note = "Accessed: 2017-10-27",
}

@inproceedings{heindorf2016vandalism,
  author = "Heindorf, Stefan and Potthast, Martin and Stein, Benno
      and Engels, Gregor",
  title = "Vandalism Detection in {Wikidata}",
  booktitle = CIKM2016,
  year = 2016,
  month = oct,
  address = "Indianapolis, IN, USA",
}

@article{hoffart2013yago2,
  author = "Hoffart, Johannes and Suchanek, Fabian M and Berberich, Klaus
      and Weikum, Gerhard",
  title = "{YAGO2}: {A} spatially and temporally enhanced knowledge base from
      {Wikipedia}",
  journal = "Artificial Intelligence",
  year = 2013,
  volume = 194,
  pages = "28--61",
}

@inproceedings{javanmardi2011vandalism,
  author = "Javanmardi, Sara and McDonald, David W. and Lopes, Cristina V.",
  title = "Vandalism Detection in {Wikipedia}: {A} High-Performing, Feature-Rich
      Model and its Reduction Through Lasso",
  booktitle = WIKISYM2011,
  year = 2011,
  month = oct,
  address = "Mountain View, CA, USA",
}

@inproceedings{jiang2013will,
  author = "Jiang, Yujuan and Adams, Bram and German, Daniel M.",
  title = "Will My Patch Make It? And How Fast?
      Case Study on the {Linux} Kernel",
  booktitle = MSR2013,
  year = 2013,
  month = may,
  address = "San Francisco, CA, USA",
}

@article{kruskal1983overview,
  author = "Kruskal, Joseph B.",
  title = "An Overview of Sequence Comparison:
      Time Warps, String Edits, and Macromolecules",
  journal = "SIAM Review",
  year = 1983,
  volume = 25,
  number = 2,
  pages = "201--237",
}

@inproceedings{lam2008addressing,
  author = "Lam, Xuan Nhat and Vu, Thuc and Le, Trong Duc and Duong, Anh Duc",
  title = "Addressing Cold-Start Problem in Recommendation Systems",
  booktitle = ICUIMC2008,
  year = 2008,
  month = jan,
  address = "Suwon, Korea",
}

@inproceedings{levi2012finding,
  author = "Levi, Asher and Mokryn, Osnat and Diot, Christophe and Taft, Nina",
  title = "Finding a Needle in a Haystack of Reviews:
      {Cold} Start Context-Based Hotel Recommender System",
  booktitle = RECSYS2012,
  year = 2012,
  month = sep,
  address = "Dublin, Ireland",
}

@inproceedings{maystre2015fast,
  author = "Maystre, Lucas and Grossglauser, Matthias",
  title = "Fast and Accurate Inference of {Plackett--Luce} Models",
  booktitle = NIPS2015,
  year = 2015,
  month = dec,
  address = "Montréal, QC, Canada",
}

@inproceedings{potthast2008automatic,
  author = "Potthast, Martin and Stein, Benno and Gerling, Robert",
  title = "Automatic Vandalism Detection in {Wikipedia}",
  booktitle = ECIR2008,
  year = 2008,
  month = apr,
  address = "Glasgow, Scottland",
}

@article{resnick2000reputation,
  author = "Resnick, Paul and Kuwabara, Ko and Zeckhauser, Richard
      and Friedman, Eric",
  title = "Reputation systems",
  journal = "Communications of the ACM",
  year = 2000,
  volume = 43,
  number = 12,
  pages = "45--48",
}

@article{rieck2016harry,
  author = "Rieck, Konrad and Wressnegger, Christian",
  title = "Harry: {A} Tool for Measuring String Similarity",
  journal = "Journal of Machine Learning Research",
  year = 2016,
  volume = 17,
  number = 9,
  pages = "1--5",
}

@inproceedings{rigby2008open,
  author = "Rigby, Peter C. and German, Daniel M. and Storey, Margaret-Anne",
  title = "Open Source Software Peer Review Practices:
      {A} Case Study of the {Apache} Server",
  booktitle = ICSE2008,
  year = 2008,
  month = may,
  address = "Leipzig, Germany",
}

@article{salganik2015wiki,
  author = "Salganik, Matthew J. and Levy, Karen E. C.",
  title = "Wiki Surveys: {Open} and Quantifiable Social Data Collection",
  journal = "PLoS ONE",
  year = 2015,
  volume = 10,
  number = 5,
  pages = "1--17",
  _doi = "10.1371/journal.pone.0123483",
}

@inproceedings{schein2002methods,
  author = "Schein, Andrew I and Popescul, Alexandrin and Ungar, Lyle H
      and Pennock, David M",
  title = "Methods and Metrics for Cold-Start Recommendations",
  booktitle = SIGIR2002,
  year = 2002,
  month = aug,
  address = "Tampere, Finland",
}

@inproceedings{schoenhofen2006identifying,
  author = "Schönhofen, Peter",
  title = "Identifying document topics using the {Wikipedia} category network",
  booktitle = WI2006,
  year = 2006,
  month = dec,
  address = "Hong Kong",
}

@inproceedings{tabibian2017distilling,
  author = "Tabibian, Behzad and Valera, Isabel and Farajtabar, Mehrdad
      and Song, Le and Schölkopf, Bernhard and Gomez-Rodriguez, Manuel",
  title = "Distilling Information Reliability and Source Trustworthiness
      from Digital Traces",
  booktitle = WWW2017,
  year = 2017,
  month = apr,
  address = "Perth, WA, Australia",
}

@article{thurstone1927law,
  author = "Thurstone, Louis L.",
  title = "A Law of Comparative Judgment",
  journal = "Psychological Review",
  year = 1927,
  volume = 34,
  number = 4,
  pages = "273--286",
  _doi = "10.1037/h0070288",
}

@techreport{tsukida2011analyze,
  author = "Tsukida, Kristi and Gupta, Maya R.",
  title = "How to Analyze Paired Comparison Data",
  institution = "University of Washington, Seattle",
  year = 2011,
  month = may,
}

@article{vandermaaten2008visualizing,
  author = "van der Maaten, Laurens and Hinton, Geoffrey",
  title = "Visualizing Data using {t-SNE}",
  journal = "Journal of Machine Learning Research",
  year = 2008,
  volume = 9,
  number = "Nov",
  pages = "2579--2605",
}

@inproceedings{welinder2010multidimensional,
  author = "Welinder, Peter and Branson, Steve and Perona, Pietro
      and Belongie, Serge J",
  title = "The Multidimensional Wisdom of Crowds",
  booktitle = NIPS2010 ,
  year = 2010,
  month = dec,
  address = "Vancouver, BC, Canada",
}

@inproceedings{whitehill2009whose,
  author = "Whitehill, Jacob and Wu, Ting-fan and Bergsma, Jacob
      and Movellan, Javier R and Ruvolo, Paul L",
  title = "Whose Vote Should Count More: {Optimal} Integration of Labels
      from Labelers of Unknown Expertise",
  booktitle = NIPS2009,
  year = 2009,
  month = dec,
  address = "Vancouver, BC, Canada",
}

@misc{wikimedia2015artificial,
  author = "Halfaker, Aaron and Taraborelli, Dario",
  title = "Artificial intelligence service {``ORES''} gives {Wikipedians}
      {X-ray} specs to see through bad edits",
  url = "https://blog.wikimedia.org/2015/11/30/artificial-intelligence-x-ray-specs/",
  year = 2015,
  month = nov,
  note = "Accessed: 2017-10-27",
}

@misc{wikimedia2017depth,
  author = "Wikipedia",
  title = "Wikipedia article depth",
  year = 2017,
  url = "https://meta.wikimedia.org/wiki/Wikipedia_article_depth",
  note = "Accessed: 2017-10-30",
}

@misc{wikipedia2017wikipedians,
  author = "Wikipedia",
  title = "{Wikipedia:Wikipedians}",
  year = 2017,
  url = "https://en.wikipedia.org/wiki/Wikipedia:Wikipedians",
  note = "Accessed: 2017-10-27",
}

@incollection{yasseri2014most,
  author = "Yasseri, Taha and Spoerri, Anselm and Graham, Mark
      and Kertész, János",
  title = "The most controversial topics in {Wikipedia}:
      {A} multilingual and geographical analysis",
  booktitle = "Global {Wikipedia}: {International} and Cross-Cultural Issues
      in Online Collaboration",
  editor = "Fichman, Pnina and Hara, Noriko",
  publisher = "Scarecrow Press",
  year = 2014,
}


@article{zhang2010solving,
  title={Solving the cold-start problem in recommender systems with social tags},
  author={Zhang, Zi-Ke and Liu, Chuang and Zhang, Yi-Cheng and Zhou, Tao},
  journal={EPL (Europhysics Letters)},
  volume={92},
  number={2},
  pages={28002},
  year={2010},
  publisher={IOP Publishing}
}

@inproceedings{zhou2012learning,
  author = "Zhou, Denny and Basu, Sumit and Mao, Yi and Platt, John C",
  title = "Learning from the Wisdom of Crowds by Minimax Entropy",
  booktitle = NIPS2012,
  year = 2012,
  month = dec,
  address = "Lake Tahoe, CA, USA",
}
