@article{kolda2009tensor,
  title="Tensor Decompositions and Applications",
  author={Kolda, Tamara G and Bader, Brett W},
  journal="SIAM Review",
  volume=51,
  number=3,
  pages={455--500},
  year=2009,
  publisher={SIAM}
}

@inproceedings{bamler2017dynamic,
  title="Dynamic Word Embeddings",
  author={Bamler, Robert and Mandt, Stephan},
  booktitle="Proceedings of the 34th International Conference on Machine Learning-Volume 70",
  pages={380--389},
  year=2017
}

@article{bean1948predict,
  title="How to predict elections",
  author="Bean, Louis H",
  year=1948,
  publisher="Knopf"
}

@article{belanger2004finding,
  title="Finding and using empirical data for vote and popularity functions in {F}rance",
  author="Belanger, Eric",
  journal="French Politics",
  volume=2,
  number=2,
  pages={235--244},
  year=2004,
  publisher="Springer"
}

@inproceedings{bell2007scalable,
  title={Scalable collaborative filtering with jointly derived neighborhood interpolation weights},
  author={Bell, Robert M and Koren, Yehuda},
  booktitle={Seventh IEEE International Conference on Data Mining (ICDM 2007)},
  pages={43--52},
  year={2007},
  organization={IEEE}
}

@article{bertsimas2017predictive,
  title="From predictive methods to missing data imputation: an optimization approach",
  author="Bertsimas, Dimitris and Pawlowski, Colin and Zhuo, Ying Daisy",
  journal={The Journal of Machine Learning Research},
  volume=18,
  number=1,
  pages={7133--7171},
  year=2017,
  publisher={JMLR. org}
}

@misc{blumenthal2008poblano,
  author = "Blumenthal, Mark",
  title = "The Poblano Model",
  year = 2008,
  url = "https://web.archive.org/web/20090414152429/http://www.nationaljournal.com/njonline/mp_20080507_8254.php",
  note = "Accessed: 2020-02-13",
}

@book{boyd2004convex,
  title="Convex optimization",
  author={Boyd, Stephen and Vandenberghe, Lieven},
  year=2004,
  publisher="Cambridge University Press"
}

@inproceedings{brand2002incremental,
  title="Incremental singular value decomposition of uncertain data with missing values",
  author="Brand, Matthew",
  booktitle={European Conference on Computer Vision},
  pages={707--720},
  year=2002,
  organization="Springer"
}

@inproceedings{brand2003fast,
  title="Fast online svd revisions for lightweight recommender systems",
  author="Brand, Matthew",
  booktitle="Proceedings of the 2003 {SIAM} International Conference on Data Mining",
  pages={37--46},
  year=2003,
  organization={SIAM}
}

@article{choy2012us,
  title="{US} presidential election 2012 prediction using census corrected {Twitter} model",
  author="Choy, Murphy and Cheong, Michelle and Laik, Ma Nang and Shung, Koo Ping",
  journal={arXiv preprint arXiv:1211.0938},
  year=2012
}

@misc{confederation2019democracy,
  author = {{The Swiss Confederation}},
  title = "Democracy",
  year = 2019,
  url = "https://www.ch.ch/en/demokratie/",
  note = "Accessed: 2020-02-04",
}

@misc{confederation2020open,
  author = {{The Swiss Federal Statistical Office (via opendata.swiss)}},
  title = "Real-time data on referenda on vote days",
  year = 2020,
  url = "https://opendata.swiss/en/dataset/echtzeitdaten-am-abstimmungstag-zu-eidgenoessischen-abstimmungsvorlagen",
  note = "Accessed: 2020-02-11",
}

@misc{confederation2019popular,
  author = {{The Swiss Confederation}},
  title = "Popular vote",
  year = 2019,
  url = "https://www.admin.ch/gov/en/start/documentation/votes.html",
  note = "Accessed: 2020-02-04",
}

@article{diaconis1977spearman,
  title={Spearman's footrule as a measure of disarray},
  author={Diaconis, Persi and Graham, Ronald L},
  journal={Journal of the Royal Statistical Society: Series B (Methodological)},
  volume={39},
  number={2},
  pages={262--268},
  year={1977},
  publisher={Wiley Online Library}
}

@inproceedings{dwi2015twitter,
  title="{Twitter}-based election prediction in the developing world",
  author="Dwi Prasetyo, Nugroho and Hauff, Claudia",
  booktitle="Proceedings of the 26th {ACM Conference on Hypertext \& Social Media}",
  pages={149--158},
  year=2015
}

@article{eckart1936approximation,
  title="The approximation of one matrix by another of lower rank",
  author="Eckart, Carl and Young, Gale",
  journal="Psychometrika",
  volume=1,
  number=3,
  year=1936,
  publisher="Springer"
}

@inproceedings{etter2014mining,
  title="Mining democracy",
  author="Etter, Vincent and Herzen, Julien and Grossglauser, Matthias and Thiran, Patrick",
  booktitle="Proceedings of the second {ACM} Conference on Online Social Networks",
  year=2014,
}

@inproceedings{etter2016online,
  title="Online collaborative prediction of regional vote results",
  author="Etter, Vincent and Khan, Mohammad Emtiyaz and Grossglauser, Matthias and Thiran, Patrick",
  booktitle="2016 {IEEE} International Conference on Data Science and Advanced Analytics (DSAA)",
  year=2016,
}

@article{franch2013wisdom,
  title={(Wisdom of the Crowds) 2: 2010 UK election prediction with social media},
  author="Franch, Fabio",
  journal={Journal of Information Technology \& Politics},
  volume=10,
  number=1,
  pages={57--71},
  year=2013,
  publisher={Taylor \& Francis}
}

@book{golub2012matrix,
  title="Matrix computations",
  author="Golub, Gene H and Van Loan, Charles F",
  volume=3,
  year=2012,
  publisher="{JHU} press"
}

@article{hastie1999imputing,
  title="Imputing missing data for gene expression arrays",
  author="Hastie, Trevor and Tibshirani, Robert and Sherlock, Gavin and Eisen, Michael and Brown, Patrick and Botstein, David",
  year=1999,
  publisher="{S}tanford {U}niversity {S}tatistics {D}epartment Technical report"
}

@article{kennedy2017improving,
  title="Improving election prediction internationally",
  author="Kennedy, Ryan and Wojcik, Stefan and Lazer, David",
  journal="Science",
  volume=355,
  number=6324,
  pages={515--520},
  year=2017,
  publisher={American Association for the Advancement of Science}
}

@article{koren2009matrix,
  title="Matrix factorization techniques for recommender systems",
  author="Koren, Yehuda and Bell, Robert and Volinsky, Chris",
  journal="Computer",
  volume=42,
  number=8,
  pages={30--37},
  year=2009,
  publisher={IEEE}
}

@article{kristensen2017parsimonious,
  title="Parsimonious data: How a single {Facebook} like predicts voting behavior in multiparty systems",
  author="Kristensen, Jakob Baek and Albrechtsen, Thomas and Dahl-Nielsen, Emil and Jensen, Michael and Skovrind, Magnus and Bornakke, Tobias",
  journal={PloS one},
  volume=12,
  number=9,
  year=2017,
  publisher={Public Library of Science}
}

@article{lewis2005election,
  title="Election forecasting: Principles and practice",
  author="Lewis-Beck, Michael S",
  journal={The British Journal of Politics and International Relations},
  volume=7,
  number=2,
  pages={145--164},
  year=2005,
  publisher={SAGE Publications Sage UK: London, England}
}

@article{maaten2008visualizing,
  title="Visualizing data using {t-SNE}",
  author="Maaten, Laurens van der and Hinton, Geoffrey",
  journal="Journal of machine learning research",
  volume=9,
  number="Nov",
  pages={2579--2605},
  year=2008
}

@misc{mit2017us,
  author={{MIT Election Data and Science Lab}},
  publisher="Harvard Dataverse",
  title="{U.S.} {P}resident 1976â€“2016",
  year=2017,
  version={V5},
  url="https://doi.org/10.7910/DVN/42MVDX",
  note = "Accessed: 2020-02-06"
}

@book{murphy2012machine,
  title="Machine learning: a probabilistic perspective",
  author="Murphy, Kevin P",
  year=2012,
  publisher="The {MIT} Press"
}

@misc{norsk2020germany,
  author = {{Norwegian Centre for Research Data}},
  title = "German Parliamentary Elections",
  year = 2020,
  url = "https://nsd.no/european_election_database/country/germany/parliamentary_elections.html",
  note = "Accessed: 2020-06-16",
}


@inproceedings{ramteke2016election,
  title="Election result prediction using {Twitter} sentiment analysis",
  author="Ramteke, Jyoti and Shah, Samarth and Godhia, Darshan and Shaikh, Aadil",
  booktitle="2016 international conference on inventive computation technologies (ICICT)",
  volume=1,
  pages={1--5},
  year=2016,
  organization={IEEE}
}

@article{rigdon2009bayesian,
  title="A {Bayesian} prediction model for the {US} presidential election",
  author="Rigdon, Steven E and Jacobson, Sheldon H and Tam Cho, Wendy K and Sewell, Edward C and Rigdon, Christopher J",
  journal={American Politics Research},
  volume=37,
  number=4,
  pages={700--724},
  year=2009,
  publisher={SAGE Publications Sage CA: Los Angeles, CA}
}

@misc{silver2008pollster,
  author = "Silver, Nate",
  title = "Pollster Ratings v3.0",
  year = 2008,
  url = "https://fivethirtyeight.com/features/pollster-ratings-v30/",
  note = "Accessed: 2020-02-13",
}

@article{troyanskaya2001missing,
  title="Missing value estimation methods for {DNA} microarrays",
  author="Troyanskaya, Olga and Cantor, Michael and Sherlock, Gavin and Brown, Pat and Hastie, Trevor and Tibshirani, Robert and Botstein, David and Altman, Russ B",
  journal="Bioinformatics",
  volume=17,
  number=6,
  pages={520--525},
  year=2001,
  publisher="Oxford University Press"
}

@article{tumasjan2011election,
  title="Election forecasts with {Twitter}: How 140 characters reflect the political landscape",
  author="Tumasjan, Andranik and Sprenger, Timm O and Sandner, Philipp G and Welpe, Isabell M",
  journal="Social science computer review",
  volume=29,
  number=4,
  pages={402--418},
  year=2011,
  publisher={Sage Publications Sage CA: Los Angeles, CA}
}

@article{vepsalainen2017facebook,
  title="{Facebook} likes and public opinion: Predicting the 2015 {Finnish} parliamentary elections",
  author="Veps{\"a}l{\"a}inen, Tapio and Li, Hongxiu and Suomi, Reima",
  journal="Government Information Quarterly",
  volume=34,
  number=3,
  pages={524--532},
  year=2017,
  publisher="Elsevier"
}
