@String(ACL2017 = "Proceedings of ACL 2017")
@String(ACL2019 = "Proceedings of ACL 2019")
@String(ACML2016 = "Proceedings of ACML 2016")
@String(AISTATS2015 = "Proceedings of AISTATS 2015")
@String(CG2008 = "Proceedings of CG 2008")
@String(CIKM2016 = "Proceedings of CIKM'16")
@String(CVPR2017 = "Proceedings of CVPR 2017")
@String(COLT2009 = "Proceedings of COLT 2009")
@String(EACL2012 = "Proceedings of EACL 2012")
@String(ECIR2008 = "Proceedings of ECIR 2008")
@String(HOTOS2015 = "Proceedings of HotOS XV")
@String(ICDM2015 = "Proceedings of ICDM'15")
@String(ICSE2008 = "Proceedings of ICSE'08")
@String(ICUIMC2008 = "Proceedings of ICUIMC'08")
@String(IUI2007 = "Proceedings of IUI'07")
@String(ICML2005 = "Proceedings of ICML 2005")
@String(ICML2009 = "Proceedings of ICML 2009")
@String(ICML2011 = "Proceedings of ICML 2011")
@String(ICML2013 = "Proceedings of ICML 2013")
@String(ICML2014 = "Proceedings of ICML 2014")
@String(ICML2016 = "Proceedings of ICML 2016")
@String(ICML2017 = "Proceedings of ICML 2017")
@String(KDD2014 = "Proceedings of KDD'14")
@String(KDD2015 = "Proceedings of KDD'15")
@String(KDD2018 = "Proceedings of KDD'18")
@String(MSR2013 = "Proceedings of MSR 2013")
@String(NIPS2002 = "Advances in Neural Information Processing Systems 15")
@String(NIPS2005rank = "Proceedings of the NIPS 2005 Workshop on Learning to Rank")
@String(NIPS2006 = "Advances in Neural Information Processing Systems 19")
@String(NIPS2007 = "Advances in Neural Information Processing Systems 20")
@String(NIPS2008 = "Advances in Neural Information Processing Systems 21")
@String(NIPS2009 = "Advances in Neural Information Processing Systems 22")
@String(NIPS2010 = "Advances in Neural Information Processing Systems 23")
@String(NIPS2011 = "Advances in Neural Information Processing Systems 24")
@String(NIPS2012 = "Advances in Neural Information Processing Systems 25")
@String(NIPS2013 = "Advances in Neural Information Processing Systems 26")
@String(NIPS2014 = "Advances in Neural Information Processing Systems 27")
@String(NIPS2015 = "Advances in Neural Information Processing Systems 28")
@String(OPENSYM2016 = "Proceedings of OpenSym'16")
@String(OSDI2012 = "Proceedings of OSDI'12")
@String(OSDI2014 = "Proceedings of OSDI'14")
@String(OSDI2016 = "Proceedings of OSDI'16")
@String(RECSYS2012 = "Proceedings of RecSys'12")
@String(SIGIR2002 = "Proceedings of SIGIR'02")
@String(SIGIR2008 = "Proceedings of SIGIR'08")
@String(SIGMOD2010 = "Proceedings of SIGMOD'10")
@String(SIGMETRICS2014 = "Proceedings of SIGMETRICS'14")
@String(SOCIALCOM2011 = "Proceedings of SocialCom 2011")
@String(SODA2008 = "Proceedings of SODA'08")
@String(TGC2013 = "Proceedings of TGC 2013")
@String(WI2006 = "Proceedings of WI'06")
@String(WIKIAI2008 = "Proceedings of WikiAI 2008")
@String(WIKISYM2008 = "Proceedings of WikiSym'08")
@String(WIKISYM2011 = "Proceedings of WikiSym'11")
@String(WIKISYM2012 = "Proceedings of WikiSym'12")
@String(WSDM2013 = "Proceedings of WSDM'13")
@String(WSDM2015 = "Proceedings of WSDM'15")
@String(WSDM2016 = "Proceedings of WSDM'16")
@String(WWW1998 = "Proceedings of WWW'98")
@String(WWW2001 = "Proceedings of WWW'01")
@String(WWW2003 = "Proceedings of WWW'03")
@String(WWW2007 = "Proceedings of WWW'07")
@String(WWW2014 = "Proceedings of WWW'14")
@String(WWW2017 = "Proceedings of WWW'17")
@String(WWW2020 = "Proceedings of The Web Conference '20")
@String(WWW2021 = "Proceedings of The Web Conference '21")
