% Header
@String(ACML2016 = "Proceedings of ACML 2016")
@String(AISTATS2015 = "Proceedings of AISTATS 2015")
@String(CG2008 = "Proceedings of CG 2008")
@String(CIKM2016 = "Proceedings of CIKM'16")
@String(CVPR2017 = "Proceedings of CVPR 2017")
@String(COLT2009 = "Proceedings of COLT 2009")
@String(EACL2012 = "Proceedings of EACL 2012")
@String(ECIR2008 = "Proceedings of ECIR 2008")
@String(HOTOS2015 = "Proceedings of HotOS XV")
@String(ICDM2015 = "Proceedings of ICDM'15")
@String(ICSE2008 = "Proceedings of ICSE'08")
@String(ICUIMC2008 = "Proceedings of ICUIMC'08")
@String(IUI2007 = "Proceedings of IUI'07")
@String(ICML2005 = "Proceedings of ICML 2005")
@String(ICML2009 = "Proceedings of ICML 2009")
@String(ICML2011 = "Proceedings of ICML 2011")
@String(ICML2013 = "Proceedings of ICML 2013")
@String(ICML2014 = "Proceedings of ICML 2014")
@String(ICML2016 = "Proceedings of ICML 2016")
@String(ICML2017 = "Proceedings of ICML 2017")
@String(KDD2014 = "Proceedings of KDD'14")
@String(KDD2015 = "Proceedings of KDD'15")
@String(MSR2013 = "Proceedings of MSR 2013")
@String(NIPS2002 = "Advances in Neural Information Processing Systems 15")
@String(NIPS2005rank = "Proceedings of the NIPS 2005 Workshop on Learning to Rank")
@String(NIPS2006 = "Advances in Neural Information Processing Systems 19")
@String(NIPS2007 = "Advances in Neural Information Processing Systems 20")
@String(NIPS2008 = "Advances in Neural Information Processing Systems 21")
@String(NIPS2009 = "Advances in Neural Information Processing Systems 22")
@String(NIPS2010 = "Advances in Neural Information Processing Systems 23")
@String(NIPS2011 = "Advances in Neural Information Processing Systems 24")
@String(NIPS2012 = "Advances in Neural Information Processing Systems 25")
@String(NIPS2013 = "Advances in Neural Information Processing Systems 26")
@String(NIPS2014 = "Advances in Neural Information Processing Systems 27")
@String(NIPS2015 = "Advances in Neural Information Processing Systems 28")
@String(OPENSYM2016 = "Proceedings of OpenSym'16")
@String(OSDI2012 = "Proceedings of OSDI'12")
@String(OSDI2014 = "Proceedings of OSDI'14")
@String(OSDI2016 = "Proceedings of OSDI'16")
@String(RECSYS2012 = "Proceedings of RecSys'12")
@String(SIGIR2002 = "Proceedings of SIGIR'02")
@String(SIGIR2008 = "Proceedings of SIGIR'08")
@String(SIGMOD2010 = "Proceedings of SIGMOD'10")
@String(SIGMETRICS2014 = "Proceedings of SIGMETRICS'14")
@String(SOCIALCOM2011 = "Proceedings of SocialCom 2011")
@String(SODA2008 = "Proceedings of SODA'08")
@String(TGC2013 = "Proceedings of TGC 2013")
@String(WI2006 = "Proceedings of WI'06")
@String(WIKIAI2008 = "Proceedings of WikiAI 2008")
@String(WIKISYM2008 = "Proceedings of WikiSym'08")
@String(WIKISYM2011 = "Proceedings of WikiSym'11")
@String(WIKISYM2012 = "Proceedings of WikiSym'12")
@String(WSDM2013 = "Proceedings of WSDM'13")
@String(WSDM2015 = "Proceedings of WSDM'15")
@String(WSDM2016 = "Proceedings of WSDM'16")
@String(WWW1998 = "Proceedings of WWW'98")
@String(WWW2003 = "Proceedings of WWW'03")
@String(WWW2007 = "Proceedings of WWW'07")
@String(WWW2001 = "Proceedings of WWW'01")
@String(WWW2014 = "Proceedings of WWW'14")
@String(WWW2017 = "Proceedings of WWW'17")
% End Header

@inproceedings{abadi2016tensorflow,
  author = "Abadi, Martín and Barham, Paul and Chen, Jianmin and Chen, Zhifeng
      and Davis, Andy and Dean, Jeffrey and Devin, Matthieu and Ghemawat, Sanjay
      and Irving, Geoffrey and Isard, Michael and others",
  title = "{TensorFlow}: {A} System for Large-Scale Machine Learning",
  booktitle = OSDI2016,
  year = 2016,
  month = nov,
  address = "Savannah, GA, USA",
}

@inproceedings{adler2007content,
  author = "Adler, B. Thomas and de Alfaro, Luca",
  title = "A Content-Driven Reputation System for the {Wikipedia}",
  booktitle = WWW2007,
  year = 2007,
  month = may,
  address = "Banff, AB, Canada",
}

@inproceedings{adler2008measuring,
  author = "Adler, B. Thomas and de Alfaro, Luca and Pye, Ian
      and Raman, Vishwanath",
  title = "Measuring Author Contributions to the {Wikipedia}",
  booktitle = WIKISYM2008,
  year = 2008,
  month = sep,
  address = "Porto, Portugal",
}

@inproceedings{agrawal2016predicting,
  author = "Agrawal, Rakshit and de Alfaro, Luca",
  title = "Predicting the quality of user contributions via {LSTMs}",
  booktitle = OPENSYM2016,
  year = 2016,
  month = aug,
  address = "Berlin, Germany",
}

@book{agresti2015foundations,
  author = "Agresti, Alan",
  title = "Foundations of Linear and Generalized Linear Models",
  publisher = "Wiley",
  year = 2015,
  _isbn = "9781118730034",
}

@phdthesis{ammar2015ranked,
  author = "Ammar, Ammar",
  title = "Ranked Personalized Recommendations Using Discrete Choice Models",
  school = "Massachusetts Institute of Technology",
  year = 2015,
}

@inproceedings{baeza2016data,
  title="Data and algorithmic bias in the web",
  author="Baeza-Yates, Ricardo",
  booktitle="Proceedings of the 8th ACM Conference on Web Science",
  pages={1--1},
  year=2016
}

@phdthesis{ben1973structure,
  title="Structure of passenger travel demand models.",
  author="Ben-Akiva, Moshe E",
  year=1973,
  school="Massachusetts Institute of Technology"
}

@book{bishop2006pattern,
  author = "Bishop, Christopher M.",
  title = "Pattern Recognition and Machine Learning",
  publisher = "Springer",
  year = 2006,
 _isbn = "9780387310732",
}

@article{boyd1980effect,
  title="The effect of fuel economy standards on the {US} automotive market: an hedonic demand analysis",
  author="Boyd, J Hayden and Mellman, Robert E",
  journal="Transportation Research Part A: General",
  volume=14,
  number={5-6},
  pages={367--378},
  year=1980,
  publisher="Elsevier"
}

@article{bradley1952rank,
  author = "Bradley, Ralph Allan and Terry, Milton E.",
  title = "Rank Analysis of Incomplete Block Designs:
      {I.} {The} Method of Paired Comparisons",
  journal = "Biometrika",
  year = 1952,
  volume = 39,
  number = "3/4",
  pages = {324--345},
  _doi = "10.2307/2334029",
}

@article{bradley1953some,
  author = "Bradley, Ralph Allan",
  title = "Some Statistical Methods in Taste Testing and Quality Evaluation",
  journal = "Biometrics",
  year = 1953,
  volume = 9,
  number = 1,
  pages = {22--38},
  _doi = "10.2307/3001630",
}

@inproceedings{branson2017lean,
  author = "Branson, Steve and Horn, Grant Van and Perona, Pietro",
  title = "Lean Crowdsourcing: {Combining} Humans and Machines in an Online System",
  booktitle = CVPR2017,
  year = 2017,
  month = jul,
  address = "Honolulu, HI, USA",
}

@inproceedings{bronner2012user,
  author = "Bronner, Amit and Monz, Christof",
  title = "User Edits Classification Using Document Revision Histories",
  booktitle = EACL2012,
  year = 2012,
  month = apr,
  address = "Avignon, France",
}

@article{brugnoli2019recursive,
  title={Recursive patterns in online echo chambers},
  author={Brugnoli, Emanuele and Cinelli, Matteo and Quattrociocchi, Walter and Scala, Antonio},
  journal={Scientific reports},
  volume={9},
  number={1},
  pages={1--18},
  year={2019},
  publisher={Nature Publishing Group}
}

@article{buehlmann1963pairwise,
  author = "Bühlmann, Hans and Huber, Peter J.",
  title = "Pairwise Comparison and Ranking in Tournaments",
  journal = "The Annals of Mathematical Statistics",
  year = 1963,
  volume = 34,
  number = 2,
  pages = "501--510",
}

@article{cardell1980measuring,
  title="Measuring the societal impacts of automobile downsizing",
  author="Cardell, N Scott and Dunbar, Frederick C",
  journal="Transportation Research Part A: General",
  volume=14,
  number={5-6},
  pages={423--434},
  year=1980,
  publisher="Elsevier"
}

@article{caron2012efficient,
  author = "Caron, François and Doucet, Arnaud",
  title = "Efficient {Bayesian} Inference for
      Generalized {Bradley--Terry} Models",
  journal = "Journal of Computational and Graphical Statistics",
  year = 2012,
  volume = 21,
  number = 1,
  pages = "174--196",
  _doi = "10.1080/10618600.2012.638220",
}

@article{cattelan2013dynamic,
  title = "Dynamic {Bradley--Terry} modelling of sports tournaments",
  author = "Cattelan, Manuela and Varin, Cristiano and Firth, David",
  journal = "Journal of the Royal Statistical Society,
      Series C (Applied Statistics)",
  year = 2013,
  volume = 62,
  number = 1,
  pages = "135--150",
  _doi = "10.1111/j.1467-9876.2012.01046.x",
}

@inproceedings{chen2013pairwise,
  author = "Chen, Xi and Bennett, Paul N. and Collins-Thompson, Kevyn
      and Horvitz, Eric",
  title = "Pairwise Ranking Aggregation in a Crowdsourced Setting",
  booktitle = WSDM2013,
  year = 2013,
  month = feb,
  address = "Rome, Italy",
  _doi = "10.1145/2433396.2433420",
}

@inproceedings{chen2016modeling,
  author = "Chen, Shuo and Joachims, Thorsten",
  title = "Modeling Intransitivity in Matchup and Comparison Data",
  booktitle = WSDM2016,
  year = 2016,
  month = feb,
  address = "San Francisco, CA, USA",
}

@article{christiano2017deep,
  title="Deep reinforcement learning from human preferences",
  author="Christiano, Paul and Leike, Jan and Brown, Tom B and Martic, Miljan and Legg, Shane and Amodei, Dario",
  journal={arXiv preprint arXiv:1706.03741},
  year=2017
}

@inproceedings{chu2005extensions,
  author = "Chu, Wei and Ghahramani, Zoubin",
  title = "Extensions of {Gaussian} Processes for Ranking:
      {Semi}-supervised and Active Learning",
  booktitle = NIPS2005rank,
  year = 2005,
  month = dec,
  address = "Whistler, BC, Canada",
}

@article{chu2005gaussian,
  author = "Chu, Wei and Ghahramani, Zoubin",
  title = "Gaussian Processes for Ordinal Regression",
  journal = "Journal of Machine Learning Research",
  year = 2005,
  volume = 6,
  number = "Jul",
  pages = "1019--1041",
}

@inproceedings{chu2005preference,
  author = "Chu, Wei and Ghahramani, Zoubin",
  title = "Preference Learning with {Gaussian} Processes",
  booktitle = ICML2005,
  year = 2005,
  month = aug,
  address = "Bonn, Germany",
}

@inproceedings{chumbalov2020scalable,
  title="Scalable and Efficient Comparison-based Search without Features",
  author="Chumbalov, Daniyar and Maystre, Lucas and Grossglauser, Matthias",
  booktitle="International Conference on Machine Learning",
  pages={1995--2005},
  year=2020,
  organization="PMLR"
}

@article {cinelli2021echo,
	author = "Cinelli, Matteo and De Francisci Morales, Gianmarco and Galeazzi, Alessandro and Quattrociocchi, Walter and Starnini, Michele",
	title = "The echo chamber effect on social media",
	volume = 118,
	number = 9,
	year = 2021,
	publisher = "National Academy of Sciences",
	journal = "Proceedings of the National Academy of Sciences"
}

@techreport{corbet2017linux,
  author = "Corbet, Jonathan and Kroah-Hartman, Greg",
  title = "2017 {Linux} Kernel Development Report",
  institution = "The Linux Foundation",
  year = 2017,
}

@inproceedings{cosley2007suggestbot,
  author = "Cosley, Dan and Frankowski, Dan and Terveen, Loren and Riedl, John",
  title = "{SuggestBot}: {Using} Intelligent Task Routing to Help People
      Find Work in {Wikipedia}",
  booktitle = IUI2007,
  year = 2007,
  month = jan,
  address = "Honolulu, HI, USA",
}

@article{cosslett1981efficient,
  title="Efficient estimation of discrete-choice models",
  author="Cosslett, Stephen R",
  journal="Structural analysis of discrete data with econometric applications",
  volume=3,
  pages={51--111},
  year=1981,
  publisher="MIT Press Cambridge, MA"
}

@inproceedings{coulom2008whole,
  author = "Coulom, Rémi",
  title = "Whole-History Rating: {A} {Bayesian} Rating System for Players of
      Time-Varying Strength",
  booktitle = CG2008,
  year = 2008,
  month = sep,
  address = "Beijing, China",
}

@inproceedings{dangauthier2007trueskill,
  author = "Dangauthier, Pierre and Herbrich, Ralf and Minka, Tom
      and Graepel, Thore",
  title = "{TrueSkill} Through Time: {Revisiting} the History of Chess",
  booktitle = NIPS2007,
  year = 2007,
  month = dec,
  address = "Vancouver, BC, Canada",
}

@book{david1988method,
  author = "David, Herbert Aron",
  title = "The Method of Paired Comparisons",
  publisher = "Charles Griffin \& Company",
  year = 1988,
  edition = "Second",
  _isbn = "9780852642900",
}

@article{dawid1979maximum,
  author = "Dawid, Alexander Philip and Skene, Allan M",
  title = "Maximum Likelihood Estimation of Observer Error-rates using the
      {EM} Algorithm",
  journal = "Applied Statistics",
  year = 1979,
  volume = 28,
  number = 1,
  pages = "20--28",
}

@article{de2020bitcoin,
  author="de Vries, Alex",
  title="Bitcoin’s energy consumption is underestimated: A market dynamics approach",
  journal="Energy Research \& Social Science",
  volume=70,
  pages=101721,
  year=2020,
  publisher="Elsevier"
}

@article{dealfaro2011reputation,
  author = "de Alfaro, Luca and Kulshreshtha, Ashutosh and Pye, Ian
      and Adler, B. Thomas",
  title = "Reputation Systems for Open Collaboration",
  journal = "Communications of the ACM",
  year = 2011,
  volume = 54,
  number = 8,
  pages = "81--87",
}

@inproceedings{dealfaro2013content,
  author = "de Alfaro, Luca and Adler, B. Thomas",
  title = "Content-Driven Reputation for Collaborative Systems",
  booktitle = TGC2013,
  year = 2013,
  month = aug,
  address = "Buenos Aires, Argentina",
}

@inproceedings{druck2008learning,
  author = "Druck, Gregory and Miklau, Gerome and McCallum, Andrew",
  title = "Learning to Predict the Quality of Contributions to {Wikipedia}",
  booktitle = WIKIAI2008,
  year = 2008,
  month = jul,
  address = "Chicago, IL, USA",
}

@book{elo1978rating,
  author = "Elo, Arpad",
  title = "The Rating Of Chess Players, Past \& Present",
  publisher = "Arco Publishing",
  year = 1978,
  _isbn = "9780923891275",
  comment = "ISBN actually refers to the 2008 printing by Ishi Press",
}

@article{fahrmeir1994dynamic,
  author = "Fahrmeir, Ludwig and Tutz, Gerhard",
  title = "Dynamic Stochastic Models for
      Time-Dependent Ordered Paired Comparison Systems",
  journal = "Journal of the American Statistical Association",
  year = 1994,
  volume = 89,
  number = 428,
  pages = "1438--1449",
  _doi = "10.1080/01621459.1994.10476882",
}

@article{festinger1954theory,
  author = "Festinger, Leon",
  title = "A Theory of Social Comparison Processes",
  journal = "Human Relations",
  year = 1954,
  volume = 7,
  number = 2,
  pages = "117--140",
  _doi = "10.1177/001872675400700202",
}

@inproceedings{fong2017interpretable,
  title="Interpretable explanations of black boxes by meaningful perturbation",
  author="Fong, Ruth C and Vedaldi, Andrea",
  booktitle="Proceedings of the IEEE International Conference on Computer Vision",
  pages={3429--3437},
  year=2017
}

@article{ford1957solution,
  author = "Ford, Jr., Lester R.",
  title = "Solution of a Ranking Problem from Binary Comparisons",
  journal = "The American Mathematical Monthly",
  year = 1957,
  volume = 64,
  number = 8,
  pages = "28--33",
  _doi = "10.2307/2308513",
}

@article{fuller1982new,
  title="New evidence on the economic determinants of postsecondary schooling choices",
  author="Fuller, Winship C and Manski, Charles F and Wise, David A",
  journal="Journal of Human Resources",
  pages={477--498},
  year=1982,
  publisher="JSTOR"
}

@article{gallersdorfer2020energy,
  title="Energy consumption of cryptocurrencies beyond bitcoin",
  author="Gallersd{\"o}rfer, Ulrich and Klaa{\ss}en, Lena and Stoll, Christian",
  journal="Joule",
  volume=4,
  number=9,
  pages={1843--1846},
  year=2020,
  publisher="Elsevier"
}

@inproceedings{garimella2018political,
  title={Political discourse on social media: Echo chambers, gatekeepers, and the price of bipartisanship},
  author={Garimella, Kiran and De Francisci Morales, Gianmarco and Gionis, Aristides and Mathioudakis, Michael},
  booktitle={Proceedings of the 2018 World Wide Web Conference},
  pages={913--922},
  year={2018}
}

@misc{github2017octoverse,
  author = "GitHub",
  title = "The State of the {Octoverse} 2017",
  year = 2017,
  url = "https://octoverse.github.com/",
  note = "Accessed: 2017-10-27",
}

@phdthesis{glickman1993paired,
  author = "Glickman, Mark E.",
  title = "Paired Comparison Models with Time-Varying Parameters",
  school = "Harvard University",
  year = 1993,
}

@article{glickman1999parameter,
  author = "Glickman, Mark E.",
  title = "Parameter estimation in large dynamic paired comparison experiments",
  journal = "Journal of the Royal Statistical Society,
      Series C (Applied Statistics)",
  year = 1999,
  volume = 48,
  number = 3,
  pages = "377--394",
  _doi = "10.1111/1467-9876.00159",
}

@incollection{glickman2013introductory,
  author = "Glickman, Mark E.",
  title = "Introductory note to 1928 (= 1929)",
  booktitle = "Ernst Zermelo - Collected Works II",
  publisher = "Springer",
  year = 2013,
  pages = "616--671",
  _doi = "10.1007/978-3-540-70856-8_13",
}

@article{goett2000customers,
  title="Customers' choice among retail energy suppliers: The willingness-to-pay for service attributes",
  author="Goett, Andrew A and Hudson, Kathleen and Train, Kenneth E",
  journal="The Energy Journal",
  volume=21,
  number=4,
  year=2000,
  publisher="International Association for Energy Economics"
}

@article{guidotti2018survey,
  title="A survey of methods for explaining black box models",
  author="Guidotti, Riccardo and Monreale, Anna and Ruggieri, Salvatore and Turini, Franco and Giannotti, Fosca and Pedreschi, Dino",
  journal={ACM computing surveys (CSUR)},
  volume=51,
  number=5,
  pages={1--42},
  year=2018,
  publisher={ACM New York, NY, USA}
}

@inproceedings{guiver2009bayesian,
  author = "Guiver, John and Snelson, Edward",
  title = "{Bayesian} inference for {Plackett--Luce} ranking models",
  booktitle = ICML2009,
  year = 2009,
  month = jun,
  address = "Montréal, QC, Canada",
}

@inproceedings{hajian2016algorithmic,
  title="Algorithmic bias: From discrimination discovery to fairness-aware data mining",
  author="Hajian, Sara and Bonchi, Francesco and Castillo, Carlos",
  booktitle="Proceedings of the 22nd ACM SIGKDD international conference on knowledge discovery and data mining",
  pages={2125--2126},
  year=2016
}

@article{hastie1998classification,
  author = "Hastie, Trevor and Tibshirani, Robert",
  title = "Classification by Pairwise Coupling",
  journal = "The Annals of Statistics",
  year = 1998,
  volume = 26,
  number = 2,
  pages = "451--471",
  _doi = "10.1214/aos/1028144844",
}

@inproceedings{heindorf2016vandalism,
  author = "Heindorf, Stefan and Potthast, Martin and Stein, Benno
      and Engels, Gregor",
  title = "Vandalism Detection in {Wikidata}",
  booktitle = CIKM2016,
  year = 2016,
  month = oct,
  address = "Indianapolis, IN, USA",
}

@article{hensher2003mixed,
  title="The mixed logit model: the state of practice",
  author="Hensher, David A and Greene, William H",
  journal="Transportation",
  volume=30,
  number=2,
  pages={133--176},
  year=2003,
  publisher="Springer"
}

@book{hensher2005applied,
  author="Hensher, David A and Rose, John M and Rose, John M and Greene, William H",
  title="Applied choice analysis: a primer",
  year=2005,
  publisher="Cambridge university press"
}

@inproceedings{herbrich2006trueskill,
  author = "Herbrich, Ralf and Minka, Tom and Graepel, Thore",
  title = "{TrueSkill™}: A {Bayesian} Skill Rating System",
  booktitle = NIPS2006,
  year = 2006,
  month = dec,
  address = "Vancouver, BC, Canada",
}

@article{hilton2020understanding,
  author = "Hilton, Jacob and Cammarata, Nick and Carter, Shan and Goh, Gabriel and Olah, Chris",
  title = "Understanding RL Vision",
  journal = "Distill",
  year = 2020,
  note = "https://distill.pub/2020/understanding-rl-vision",
  doi = "10.23915/distill.00029"
}

@article{hoffart2013yago2,
  author = "Hoffart, Johannes and Suchanek, Fabian M and Berberich, Klaus
      and Weikum, Gerhard",
  title = "{YAGO2}: {A} spatially and temporally enhanced knowledge base from
      {Wikipedia}",
  journal = "Artificial Intelligence",
  year = 2013,
  volume = 194,
  pages = "28--61",
}

@inproceedings{houlsby2012collaborative,
  title = "Collaborative {Gaussian} Processes for Preference Learning",
  author = "Houlsby, Neil and Hernández-Lobato, Jose Miguel and Huszár, Ferenc and Ghahramani, Zoubin",
  booktitle = NIPS2012,
  year = 2012,
  month = dec,
  address = "Lake Tahoe, CA",
}

@article{hunter2004mm,
  author = "Hunter, David R.",
  title = "{MM} algorithms for generalized {Bradley--Terry} models",
  journal = "The Annals of Statistics",
  year = 2004,
  volume = 32,
  number = 1,
  pages = "384--406",
  _doi = "10.1214/aos/1079120141",
}

@inproceedings{immer2020sub,
  title="Sub-Matrix Factorization for Real-Time Vote Prediction",
  author="Immer, Alexander and Kristof, Victor and Grossglauser, Matthias and Thiran, Patrick",
  booktitle="Proceedings of the 26th ACM SIGKDD International Conference on Knowledge Discovery \& Data Mining",
  pages={2280--2290},
  year=2020
}

@inproceedings{javanmardi2011vandalism,
  author = "Javanmardi, Sara and McDonald, David W. and Lopes, Cristina V.",
  title = "Vandalism Detection in {Wikipedia}: {A} High-Performing, Feature-Rich
      Model and its Reduction Through Lasso",
  booktitle = WIKISYM2011,
  year = 2011,
  month = oct,
  address = "Mountain View, CA, USA",
}

@inproceedings{jiang2013will,
  author = "Jiang, Yujuan and Adams, Bram and German, Daniel M.",
  title = "Will My Patch Make It? And How Fast?
      Case Study on the {Linux} Kernel",
  booktitle = MSR2013,
  year = 2013,
  month = may,
  address = "San Francisco, CA, USA",
}

@article{koren2009matrix,
  author = "Koren, Yehuda and Bell, Robert and Volinsky, Chris",
  title = "Matrix Factorization Techniques for Recommender Systems",
  journal = "Computer",
  year = 2009,
  volume = 42,
  number = 8,
  pages = "30--37",
}

@article{kristof2019user,
  title="A User Study of Perceived Carbon Footprint",
  author="Kristof, Victor and Quelquejay-Lecl{\`e}re, Valentin and Zbinden, Robin and Maystre, Lucas and Grossglauser, Matthias and Thiran, Patrick",
  journal={arXiv preprint arXiv:1911.11658},
  year=2019
}

@inproceedings{kristof2020war,
  title={War of Words: The Competitive Dynamics of Legislative Processes},
  author={Kristof, Victor and Grossglauser, Matthias and Thiran, Patrick},
  booktitle={Proceedings of The Web Conference 2020},
  pages={2803--2809},
  year={2020}
}

@article{kruskal1983overview,
  author = "Kruskal, Joseph B.",
  title = "An Overview of Sequence Comparison:
      Time Warps, String Edits, and Macromolecules",
  journal = "SIAM Review",
  year = 1983,
  volume = 25,
  number = 2,
  pages = "201--237",
}

@inproceedings{kumar2016disinformation,
  author="Kumar, Srijan and West, Robert and Leskovec, Jure",
  title="Disinformation on the web: Impact, characteristics, and detection of wikipedia hoaxes",
  booktitle="Proceedings of the 25th international conference on World Wide Web",
  pages={591--602},
  year="2016"
}

@inproceedings{lam2008addressing,
  author = "Lam, Xuan Nhat and Vu, Thuc and Le, Trong Duc and Duong, Anh Duc",
  title = "Addressing Cold-Start Problem in Recommendation Systems",
  booktitle = ICUIMC2008,
  year = 2008,
  month = jan,
  address = "Suwon, Korea",
}

@article{lecun2015deep,
  title="Deep learning",
  author="LeCun, Yann and Bengio, Yoshua and Hinton, Geoffrey",
  journal="Nature",
  volume=521,
  number=7553,
  pages={436--444},
  year=2015,
  publisher="Nature Publishing Group"
}

@article{lee2019webuildai,
  title="{WeBuildAI}: Participatory framework for algorithmic governance",
  author="Lee, Min Kyung and Kusbit, Daniel and Kahng, Anson and Kim, Ji Tae and Yuan, Xinran and Chan, Allissa and See, Daniel and Noothigattu, Ritesh and Lee, Siheon and Psomas, Alexandros and others",
  journal="Proceedings of the ACM on Human-Computer Interaction",
  volume=3,
  number="CSCW",
  pages={1--35},
  year=2019,
  publisher="ACM New York, NY, USA"
}

@inproceedings{levi2012finding,
  author = "Levi, Asher and Mokryn, Osnat and Diot, Christophe and Taft, Nina",
  title = "Finding a Needle in a Haystack of Reviews:
      {Cold} Start Context-Based Hotel Recommender System",
  booktitle = RECSYS2012,
  year = 2012,
  month = sep,
  address = "Dublin, Ireland",
}

@book{luce1959individual,
  author = "Luce, R. Duncan",
  title = "Individual Choice Behavior: {A} Theoretical Analysis",
  publisher = "Wiley",
  year = "1959",
}

@inproceedings{ma2015faitcrowd,
  author = "Ma, Fenglong and Li, Yaliang and Li, Qi and Qui, Minghui
      and Gao, Jing and Zhi, Shi and Zhao, Bo and Ji, Heng and Han, Jiawei",
  title = "{FaitCrowd}: {Fine} Grained Truth Discovery for Crowdsourced Data Aggregation",
  booktitle = KDD2015,
  year = 2015,
  month = aug,
  address = "Sydney, Australia",
}

@article{mackay1992information,
  title="Information-based objective functions for active data selection",
  author="MacKay, David JC",
  journal="Neural computation",
  volume=4,
  number=4,
  pages={590--604},
  year=1992,
  publisher="MIT Press"
}

@article{maher1982modelling,
  author = "Maher, Michael J.",
  title = "Modelling association football scores",
  journal = "Statistica Neerlandica",
  year = 1982,
  volume = 36,
  number = 3,
  pages = "109--118",
  _doi = "10.1111/j.1467-9574.1982.tb00782.x",
}

@article{manski1981alternative,
  title={Alternative estimators and sample designs for discrete choice analysis},
  author={Manski, Charles F and McFadden, Daniel}
}

@book{margetts2015political,
  title="Political turbulence: How social media shape collective action",
  author="Margetts, Helen and John, Peter and Hale, Scott and Yasseri, Taha",
  year=2015,
  publisher="Princeton University Press"
}

@article{marschak1959binary,
  title="Binary choice constraints on random utility indicators",
  author="Marschak, Jacob",
  year=1959
}

@inproceedings{maystre2015fast,
  author = "Maystre, Lucas and Grossglauser, Matthias",
  title = "Fast and Accurate Inference of {Plackett--Luce} Models",
  booktitle = NIPS2015,
  year = 2015,
  month = dec,
  address = "Montréal, QC, Canada",
}

@unpublished{maystre2016player,
  author = "Maystre, Lucas and Kristof, Victor and González Ferrer, Antonio J.
      and Grossglauser, Matthias",
  title = "The Player Kernel: {Learning} Team Strengths Based on
      Implicit Player Contributions",
  note = "Preprint, \texttt{arXiv:1609.01176 [cs.LG]}",
  month = sep,
  year = 2016,
}

@techreport{maystre2018efficient,
  title="Efficient Learning from Comparisons",
  author="Maystre, Lucas",
  year=2018,
  institution="EPFL"
}

@incollection{mcfadden1973conditional,
  author = "McFadden, Daniel",
  title = "Conditional logit analysis of qualitative choice behavior",
  booktitle = "Frontiers in Econometrics",
  publisher = "Academic Press",
  year = 1973,
  editor = "Zarembka, P.",
  pages = "105--142",
}

@article{mcfadden1974measurement,
  title="The measurement of urban travel demand",
  author="McFadden, Daniel",
  journal="Journal of public economics",
  volume=3,
  number=4,
  pages={303--328},
  year=1974,
  publisher="Elsevier"
}

@article{mcfadden1978modelling,
  title={Modelling the choice of residential location},
  author={McFadden, Daniel and others}
}

@article{mcfadden2001economic,
  author = "McFadden, Daniel",
  title = "Economic Choices",
  journal = "American Economic Review",
  year = 2001,
  volume = 91,
  number = 3,
  pages = "351--378",
  _doi = "10.1257/aer.91.3.351",
}

@article{negahban2017rank,
  author = "Negahban, Sahand and Oh, Sewoong and Shah, Devavrat",
  title = "Rank Centrality: {Ranking} from Pairwise Comparisons",
  journal = "Operations Research",
  year = 2017,
  volume = 5,
  number = 1,
  pages = "266--287",
  _doi = "10.1287/opre.2016.1534"
}

@inproceedings{noothigattu2018voting,
  title="A voting-based system for ethical decision making",
  author="Noothigattu, Ritesh and Gaikwad, Snehalkumar and Awad, Edmond and Dsouza, Sohan and Rahwan, Iyad and Ravikumar, Pradeep and Procaccia, Ariel",
  booktitle="Proceedings of the AAAI Conference on Artificial Intelligence",
  volume=32,
  number=1,
  year=2018
}

@article{olah2020zoom,
  author = "Olah, Chris and Cammarata, Nick and Schubert, Ludwig and Goh, Gabriel and Petrov, Michael and Carter, Shan",
  title = "Zoom In: An Introduction to Circuits",
  journal = "Distill",
  year = 2020,
  note = "https://distill.pub/2020/circuits/zoom-in",
  _doi = "10.23915/distill.00024.001"
}

@article{plackett1975analysis,
  title="The analysis of permutations",
  author="Plackett, Robin L",
  journal="Journal of the Royal Statistical Society: Series C (Applied Statistics)",
  volume=24,
  number=2,
  pages={193--202},
  year=1975,
  publisher="Wiley Online Library"
}

@inproceedings{potthast2008automatic,
  author = "Potthast, Martin and Stein, Benno and Gerling, Robert",
  title = "Automatic Vandalism Detection in {Wikipedia}",
  booktitle = ECIR2008,
  year = 2008,
  month = apr,
  address = "Glasgow, Scottland",
}

@inproceedings{rad2012identifying,
  author = "Sepehri Rad, Hoda and Barbosa, Denilson",
  title = "Identifying controversial articles in {Wikipedia}:
      {A} comparative study",
  booktitle = WIKISYM2012,
  year = 2012,
  month = aug,
  address = "Linz, Austria",
}

@article{rao1967ties,
  author = "Rao, Pejaver V. and Kupper, Lawrence L.",
  title = "Ties in Paired-Comparison Experiments:
      {A} Generalization of the {Bradley-Terry} Model",
  journal = "Journal of the American Statistical Association",
  year = 1967,
  volume = 62,
  number = 317,
  pages = {194--204},
  _doi = "10.1080/01621459.1967.10482901",
}

@book{rasch1960probabilistic,
  author = "Rasch, Georg",
  title = "Probabilistic Models for Some Intelligence and Attainment Tests",
  publisher = "Danmarks Pædagogiske Institut",
  year = 1960,
}

@book{rasch1993probabilistic,
  title="Probabilistic models for some intelligence and attainment tests.",
  author="Rasch, Georg",
  year=1993,
  publisher={ERIC}
}

@book{rasmussen2006gaussian,
  author = "Rasmussen, Carl Edward and Williams, Christopher K. I.",
  title = "Gaussian Processes for Machine Learning",
  publisher = "MIT Press",
  year = 2006,
  _isbn = "9780262182539",
}

@article{resnick2000reputation,
  author = "Resnick, Paul and Kuwabara, Ko and Zeckhauser, Richard
      and Friedman, Eric",
  title = "Reputation systems",
  journal = "Communications of the ACM",
  year = 2000,
  volume = 43,
  number = 12,
  pages = "45--48",
}

@inproceedings{ribeiro2020auditing,
  title="Auditing radicalization pathways on YouTube",
  author="Ribeiro, Manoel Horta and Ottoni, Raphael and West, Robert and Almeida, Virg{\'\i}lio AF and Meira Jr, Wagner",
  booktitle="Proceedings of the 2020 conference on fairness, accountability, and transparency",
  pages={131--141},
  year=2020
}

@article{rieck2016harry,
  author = "Rieck, Konrad and Wressnegger, Christian",
  title = "Harry: {A} Tool for Measuring String Similarity",
  journal = "Journal of Machine Learning Research",
  year = 2016,
  volume = 17,
  number = 9,
  pages = "1--5",
}

@inproceedings{rigby2008open,
  author = "Rigby, Peter C. and German, Daniel M. and Storey, Margaret-Anne",
  title = "Open Source Software Peer Review Practices:
      {A} Case Study of the {Apache} Server",
  booktitle = ICSE2008,
  year = 2008,
  month = may,
  address = "Leipzig, Germany",
}

@inproceedings{rodolfa2020case,
  title="Case study: predictive fairness to reduce misdemeanor recidivism through social service interventions",
  author="Rodolfa, Kit T and Salomon, Erika and Haynes, Lauren and Mendieta, Iv{\'a}n Higuera and Larson, Jamie and Ghani, Rayid",
  booktitle="Proceedings of the 2020 Conference on Fairness, Accountability, and Transparency",
  pages={142--153},
  year=2020
}

@article{rolnick2019tackling,
  title="Tackling climate change with machine learning",
  author="Rolnick, David and Donti, Priya L and Kaack, Lynn H and Kochanski, Kelly and Lacoste, Alexandre and Sankaran, Kris and Ross, Andrew Slavin and Milojevic-Dupont, Nikola and Jaques, Natasha and Waldman-Brown, Anna and others",
  journal={arXiv preprint arXiv:1906.05433},
  year=2019
}

@article{rudin2019stop,
  title="Stop explaining black box machine learning models for high stakes decisions and use interpretable models instead",
  author="Rudin, Cynthia",
  journal="Nature Machine Intelligence",
  volume=1,
  number=5,
  pages={206--215},
  year=2019,
  publisher="Nature Publishing Group"
}

@inproceedings{sadigh2017active,
  title={Active Preference-Based Learning of Reward Functions.},
  author={Sadigh, Dorsa and Dragan, Anca D and Sastry, Shankar and Seshia, Sanjit A},
  year=2017
}

@article{salganik2015wiki,
  author = "Salganik, Matthew J. and Levy, Karen E. C.",
  title = "Wiki Surveys: {Open} and Quantifiable Social Data Collection",
  journal = "PLoS ONE",
  year = 2015,
  volume = 10,
  number = 5,
  pages = "1--17",
  _doi = "10.1371/journal.pone.0123483",
}

@inproceedings{schein2002methods,
  author = "Schein, Andrew I and Popescul, Alexandrin and Ungar, Lyle H
      and Pennock, David M",
  title = "Methods and Metrics for Cold-Start Recommendations",
  booktitle = SIGIR2002,
  year = 2002,
  month = aug,
  address = "Tampere, Finland",
}

@inproceedings{schoenhofen2006identifying,
  author = "Schönhofen, Peter",
  title = "Identifying document topics using the {Wikipedia} category network",
  booktitle = WI2006,
  year = 2006,
  month = dec,
  address = "Hong Kong",
}

@inproceedings{stoica2018algorithmic,
  title="Algorithmic Glass Ceiling in Social Networks: The effects of social recommendations on network diversity",
  author="Stoica, Ana-Andreea and Riederer, Christopher and Chaintreau, Augustin",
  booktitle="Proceedings of the 2018 World Wide Web Conference",
  pages={923--932},
  year=2018
}

@article{stoll2019carbon,
  title="The carbon footprint of bitcoin",
  author="Stoll, Christian and Klaa{\ss}en, Lena and Gallersd{\"o}rfer, Ulrich",
  journal="Joule",
  volume=3,
  number=7,
  pages={1647--1661},
  year=2019,
  publisher="Elsevier"
}

@article{strubell2019energy,
  title={Energy and policy considerations for deep learning in NLP},
  author={Strubell, Emma and Ganesh, Ananya and McCallum, Andrew},
  journal={arXiv preprint arXiv:1906.02243},
  year={2019}
}

@inproceedings{sumi2011edit,
  author = "Sumi, Róbert and Yasseri, Taha and Rung, András and Kornai, András
      and Kertész, János",
  title = "Edit wars in {Wikipedia}",
  booktitle = SOCIALCOM2011,
  year = 2011,
  month = oct,
  address = "Boston, MA, USA",
}

@inproceedings{tabibian2017distilling,
  author = "Tabibian, Behzad and Valera, Isabel and Farajtabar, Mehrdad
      and Song, Le and Schölkopf, Bernhard and Gomez-Rodriguez, Manuel",
  title = "Distilling Information Reliability and Source Trustworthiness
      from Digital Traces",
  booktitle = WWW2017,
  year = 2017,
  month = apr,
  address = "Perth, WA, Australia",
}

@article{thurstone1927law,
  author = "Thurstone, Louis L.",
  title = "A Law of Comparative Judgment",
  journal = "Psychological Review",
  year = 1927,
  volume = 34,
  number = 4,
  pages = "273--286",
  _doi = "10.1037/h0070288",
}

@article{thurstone1927method,
  author = "Thurstone, Louis L.",
  title = "The method of paired comparisons for social values",
  journal = "The Journal of Abnormal and Social Psychology",
  year = 1927,
  volume = 21,
  number = 4,
  pages = "384--400",
  _doi = "10.1037/h0065439",
}

@book{train2009discrete,
  author = {Train, Kenneth E.},
  title = "Discrete Choice Methods with Simulation",
  publisher = "Cambridge University Press",
  year = 2009,
  edition = "Second",
  _isbn = "9780521747387",
}

@techreport{tsukida2011analyze,
  author = "Tsukida, Kristi and Gupta, Maya R.",
  title = "How to Analyze Paired Comparison Data",
  institution = "University of Washington, Seattle",
  year = 2011,
  month = may,
}

@techreport{tsukida2011how,
  author = "Tsukida, Kristi and Gupta, Maya R.",
  title = "How to Analyze Paired Comparison Data",
  institution = "University of Washington",
  year = 2011,
  address = "Seattle, WA, USA",
  month = may,
}

@article{turing1937computable,
  title="On computable numbers, with an application to the Entscheidungsproblem",
  author="Turing, Alan Mathison",
  journal="Proceedings of the London mathematical society",
  volume=2,
  number=1,
  pages={230--265},
  year=1937,
  publisher="Wiley Online Library"
}

@incollection{turing2009computing,
  title="Computing machinery and intelligence",
  author="Turing, Alan M",
  booktitle="Parsing the turing test",
  pages={23--65},
  year=2009,
  publisher="Springer"
}

@article{vandermaaten2008visualizing,
  author = "van der Maaten, Laurens and Hinton, Geoffrey",
  title = "Visualizing Data using {t-SNE}",
  journal = "Journal of Machine Learning Research",
  year = 2008,
  volume = 9,
  number = "Nov",
  pages = "2579--2605",
}

@inproceedings{vojnovic2016parameter,
  author = "Vojnovic, Milan and Yun, Se-Young",
  title = "Parameter Estimation for Generalized {Thurstone} Choice Models",
  booktitle = ICML2016,
  year = 2016,
  month = jun,
  address = "New York, NY, USA",
}

@inproceedings{wauthier2013efficient,
  title="Efficient ranking from pairwise comparisons",
  author="Wauthier, Fabian and Jordan, Michael and Jojic, Nebojsa",
  booktitle="International Conference on Machine Learning",
  pages={109--117},
  year=2013,
  organization="PMLR"
}

@misc{wef2019data,
  author = {{World Economic Forum}},
  title = "How Much Data Is Generated Each Day?",
  year = 2019,
  url = "https://www.weforum.org/agenda/2019/04/how-much-data-is-generated-each-day-cf4bddf29f/",
  note = "Accessed: 2021-02-26",
}

@inproceedings{welinder2010multidimensional,
  author = "Welinder, Peter and Branson, Steve and Perona, Pietro
      and Belongie, Serge J",
  title = "The Multidimensional Wisdom of Crowds",
  booktitle = NIPS2010 ,
  year = 2010,
  month = dec,
  address = "Vancouver, BC, Canada",
}

@inproceedings{whitehill2009whose,
  author = "Whitehill, Jacob and Wu, Ting-fan and Bergsma, Jacob
      and Movellan, Javier R and Ruvolo, Paul L",
  title = "Whose Vote Should Count More: {Optimal} Integration of Labels
      from Labelers of Unknown Expertise",
  booktitle = NIPS2009,
  year = 2009,
  month = dec,
  address = "Vancouver, BC, Canada",
}

@misc{wikimedia2015artificial,
  author = "Halfaker, Aaron and Taraborelli, Dario",
  title = "Artificial intelligence service {``ORES''} gives {Wikipedians}
      {X-ray} specs to see through bad edits",
  url = "https://blog.wikimedia.org/2015/11/30/artificial-intelligence-x-ray-specs/",
  year = 2015,
  month = nov,
  note = "Accessed: 2017-10-27",
}

@misc{wikimedia2017depth,
  author = "Wikipedia",
  title = "Wikipedia article depth",
  year = 2017,
  url = "https://meta.wikimedia.org/wiki/Wikipedia_article_depth",
  note = "Accessed: 2017-10-30",
}

@misc{wikipedia2017wikipedians,
  author = "Wikipedia",
  title = "{Wikipedia:Wikipedians}",
  year = 2017,
  url = "https://en.wikipedia.org/wiki/Wikipedia:Wikipedians",
  note = "Accessed: 2017-10-27",
}

@article{williams1977formation,
  title="On the formation of travel demand models and economic evaluation measures of user benefit",
  author="Williams, Huw CWL",
  journal="Environment and planning A",
  volume=9,
  number=3,
  pages={285--344},
  year=1977,
  publisher="SAGE Publications Sage UK: London, England"
}

@article{wynes2017climate,
  title="The climate mitigation gap: education and government recommendations miss the most effective individual actions",
  author="Wynes, Seth and Nicholas, Kimberly A",
  journal="Environmental Research Letters",
  volume=12,
  number=7,
  pages={074024},
  year=2017,
  publisher="IOP Publishing"
}

@inproceedings{yardim2018can,
  title="Can Who-Edits-What Predict Edit Survival?",
  author="Yardim, Ali Batuhan and Kristof, Victor and Maystre, Lucas and Grossglauser, Matthias",
  booktitle="Proceedings of the 24th ACM SIGKDD International Conference on Knowledge Discovery \& Data Mining",
  pages={2604--2613},
  year=2018
}

@incollection{yasseri2014most,
  author = "Yasseri, Taha and Spoerri, Anselm and Graham, Mark
      and Kertész, János",
  title = "The most controversial topics in {Wikipedia}:
      {A} multilingual and geographical analysis",
  booktitle = "Global {Wikipedia}: {International} and Cross-Cultural Issues
      in Online Collaboration",
  editor = "Fichman, Pnina and Hara, Noriko",
  publisher = "Scarecrow Press",
  year = 2014,
}

@article{yellot1977relationship,
  author = "Yellot, Jr., John I.",
  title = "The Relationship between {Luce's} Choice Axiom, {Thurstone's} Theory
      of Comparative Judgment, and the Double Exponential Distribution",
  journal = "Journal of Mathematical Psychology",
  year = 1977,
  volume = 15,
  number = 2,
  pages = "109--144",
  _doi = "10.1016/0022-2496(77)90026-8",
}

@article{zermelo1928berechnung,
  author = "Zermelo, Ernst",
  title = "{Die Berechnung der Turnier-Ergebnisse als ein
      Maximumproblem der Wahrscheinlichkeitsrechnung}",
  journal = "Mathematische Zeitschrift",
  year = 1928,
  volume = 29,
  number = 1,
  pages = {436--460},
  _doi = "10.1007/BF01180541",
  comment = "The paper already appeared in 1928, c.f.
      https://link.springer.com/chapter/10.1007/978-3-540-70856-8_13",
}

@article{zhang2010solving,
  title={Solving the cold-start problem in recommender systems with social tags},
  author={Zhang, Zi-Ke and Liu, Chuang and Zhang, Yi-Cheng and Zhou, Tao},
  journal={EPL (Europhysics Letters)},
  volume={92},
  number={2},
  pages={28002},
  year={2010},
  publisher={IOP Publishing}
}

@inproceedings{zhou2012learning,
  author = "Zhou, Denny and Basu, Sumit and Mao, Yi and Platt, John C",
  title = "Learning from the Wisdom of Crowds by Minimax Entropy",
  booktitle = NIPS2012,
  year = 2012,
  month = dec,
  address = "Lake Tahoe, CA, USA",
}
